<?xml version="1.0" encoding="UTF-8"?><collection xmlns="http://www.loc.gov/MARC21/slim"><record><leader>00362nam--2200121-i-4500</leader><controlfield tag="001">000006579</controlfield><controlfield tag="002">20161230</controlfield><controlfield tag="005">20161230201026</controlfield><controlfield tag="008">060222s1000------------r-----000-0-eng-d</controlfield><datafield ind1=" " ind2=" " tag="100"><subfield code="a">Bassler, G.Cl., Silverstein, Robert M</subfield></datafield><datafield ind1=" " ind2=" " tag="245"><subfield code="a">Spectrometric identification of organic compounds</subfield></datafield><datafield ind1=" " ind2=" " tag="260"><subfield code="a">New York, John Wileu And Sons, Inc., 1963 Viii + 177 P</subfield></datafield><datafield ind1=" " ind2=" " tag="852"><subfield code="a">19394</subfield></datafield></record></collection>